@article{Bohm2004,
  title={Multi-image fusion for occlusion-free fa{\c{c}}ade texturing},
  author={B{\"o}hm, Jan},
  journal={International Archives of the Photogrammetry, Remote Sensing and Spatial Information Sciences},
  volume={35},
  number={5},
  pages={867--872},
  year={2004}
}

@monography{Maestri2015,
    title ={Fusão de imagens em diferentes perspectivas para geração de fachadas livres de oclusão},
    author = {Maestri, Gustavo P.},
    school = {Universidade do Estado de Santa Catarina, Curso de Ciência da Computação},
    year = 2015,
    type = {Gradua{\c c}\~ao},
    pages = 58,
    pagename = {f.}
}